
@article{martins_etal2011,
    author = {Martins, C. M. and Lima, W. A. and Barbosa, V. C. F and Silva, J. B. C.},
    title = {Total variation regularization for depth-to-basement estimate: {P}art 1 - Mathematical details and applications},
    journal = {Geophysics},
    volume = {76},
    year = {2011},
    pages = {I1--I12}
}

@article{barbosa&silva2011,
    author = {Barbosa, V. C. F and Silva, J. B. C.},
    title = {Reconstruction of geologic bodies in depth associated with a sedimentary basin using gravity and magnetic data},
    journal = {Geophysical Prospecting},
    volume = {59},
    number = {6},
    year = {2011},
    pages = {1021--1034}
}

@article{silva_etal2001,
    author = {Silva, J. B. C. and Medeiros, W. E. and Barbosa, V. C. F.},
    title = {Potential field inversion: {C}hoosing the appropriate technique to solve a geologic problem},
    journal = {Geophysics},
    volume = {66},
    number = {2},
    year = {2001},
    pages = {511--520}
}

@article{medeiros&silva1996,
    author = {Medeiros, W. E. and Silva, J. B. C.},
    title = {Geophysical inversion using approximate equality constraints},
    journal = {Geophysics},
    volume = {61},
    number = {6},
    year = {1996},
    pages = {1678--1688}
}

@book{aster,
    author = {Aster, R. C. and Borchers, B. and Thurber, C. H.},
    title = {Parameter estimation and inverse problems},
    publisher = {Elsevier Academic Press},
    year = {2005},
    pages = {301}
}

@book{tarantola,
    author = {Tarantola, A.},
    title = {Inverse problem theory and methods for model parameter estimation},
    publisher = {Philadelphia: SIAM},
    year = {2005},
    pages = {342}
}

@book{kelley,
    author = {Kelley, C. T.},
    title = {Iterative methods for optimization},
    publisher = {Raleigh: SIAM},
    year = {1999},
    pages = {180}
}

@book{menke,
    author = {Menke, W.},
    title = {Geophysical data analysis: Discrete inverse theory},
    publisher = {San Diego: Academic Press Inc},
    year = {1989},
    pages = {289}
}
